<record><leader>00000cas a2200000 a 4500</leader><controlfield tag="001">19230542</controlfield><controlfield tag="008">890217d190u193utnuwr ne      0   a0eng d</controlfield><datafield ind1=" " ind2=" " tag="010"><subfield code="a">sn 89058321 </subfield></datafield><datafield ind1=" " ind2=" " tag="040"><subfield code="a">KNP</subfield><subfield code="b">eng</subfield><subfield code="c">KNP</subfield><subfield code="d">TGN</subfield><subfield code="d">OCL</subfield><subfield code="d">OCLCQ</subfield><subfield code="d">OCLCF</subfield><subfield code="d">OCLCO</subfield><subfield code="d">DLC</subfield></datafield><datafield ind1="0" ind2=" " tag="022"><subfield code="a">2474-7238</subfield><subfield code="2">1</subfield></datafield><datafield ind1=" " ind2=" " tag="042"><subfield code="a">msc</subfield><subfield code="a">nsdp</subfield></datafield><datafield ind1=" " ind2=" " tag="043"><subfield code="a">n-us-tn</subfield></datafield><datafield ind1="0" ind2="0" tag="050"><subfield code="a">Newspaper</subfield></datafield><datafield ind1="1" ind2="0" tag="082"><subfield code="a">071</subfield><subfield code="2">23</subfield></datafield><datafield ind1="0" ind2=" " tag="130"><subfield code="a">Commercial (Union City, Tenn.)</subfield></datafield><datafield ind1=" " ind2="4" tag="222"><subfield code="a">The commercial</subfield><subfield code="b">(Union City, Tenn. Print)</subfield></datafield><datafield ind1="1" ind2="4" tag="245"><subfield code="a">The commercial.</subfield></datafield><datafield ind1=" " ind2=" " tag="260"><subfield code="a">Union City, Tenn. :</subfield><subfield code="b">Marshall &amp; Baird</subfield></datafield><datafield ind1=" " ind2=" " tag="300"><subfield code="a">v.</subfield></datafield><datafield ind1=" " ind2=" " tag="310"><subfield code="a">Weekly,</subfield><subfield code="b">&lt;Mar. 6&gt;, 1925-&lt;Nov. 30, 1934&gt;</subfield></datafield><datafield ind1=" " ind2=" " tag="321"><subfield code="a">Weekly,</subfield><subfield code="b">&lt;Apr. 19, 1901&gt;-Oct. &lt;3&gt;, 1924</subfield></datafield><datafield ind1=" " ind2=" " tag="321"><subfield code="a">Semiweekly,</subfield><subfield code="b">Oct. &lt;12&gt;, 1924-&lt;Feb. 22&gt;, 1925</subfield></datafield><datafield ind1=" " ind2=" " tag="530"><subfield code="a">Archived issues are available in digital format from the Library of Congress Chronicling America online collection.</subfield></datafield><datafield ind1=" " ind2=" " tag="588"><subfield code="a">Description based on: Vol. 12, no. 16 (Apr. 19, 1901).</subfield></datafield><datafield ind1=" " ind2="0" tag="651"><subfield code="a">Union City (Tenn.)</subfield><subfield code="v">Newspapers.</subfield></datafield><datafield ind1=" " ind2="0" tag="651"><subfield code="a">Obion County (Tenn.)</subfield><subfield code="v">Newspapers.</subfield></datafield><datafield ind1=" " ind2="7" tag="651"><subfield code="a">Tennessee</subfield><subfield code="z">Obion County.</subfield><subfield code="2">fast</subfield><subfield code="0">(OCoLC)fst01226005</subfield></datafield><datafield ind1=" " ind2="7" tag="651"><subfield code="a">Tennessee</subfield><subfield code="z">Union City.</subfield><subfield code="2">fast</subfield><subfield code="0">(OCoLC)fst01226846</subfield></datafield><datafield ind1=" " ind2="7" tag="655"><subfield code="a">Newspapers.</subfield><subfield code="2">fast</subfield><subfield code="0">(OCoLC)fst01423814</subfield></datafield><datafield ind1=" " ind2=" " tag="752"><subfield code="a">United States</subfield><subfield code="b">Tennessee</subfield><subfield code="c">Obion</subfield><subfield code="d">Union City.</subfield></datafield><datafield ind1="0" ind2="8" tag="776"><subfield code="i">Online version:</subfield><subfield code="t">Commercial (Union City, Tenn.)</subfield><subfield code="x">2474-7246</subfield><subfield code="w">(DLC)  2016271207</subfield><subfield code="w">(OCoLC)960911044</subfield></datafield><datafield ind1="0" ind2="0" tag="780"><subfield code="t">Commercial courier (Union City, Tenn.)</subfield><subfield code="w">(DLC)sn 89058320</subfield></datafield><datafield ind1="0" ind2="5" tag="785"><subfield code="t">News-banner (Troy, Tenn.)</subfield><subfield code="g">Oct. 8, 1924</subfield><subfield code="w">(DLC)sn 89058381</subfield></datafield><datafield ind1="0" ind2="5" tag="785"><subfield code="t">Obion County enterprise</subfield><subfield code="g">Oct. 8, 1924</subfield></datafield><datafield ind1="0" ind2="0" tag="785"><subfield code="t">Obion County commercial</subfield><subfield code="w">(DLC)sn 89058224</subfield></datafield><datafield ind1="4" ind2="1" tag="856"><subfield code="u">http://chroniclingamerica.loc.gov/lccn/sn89058321/issues/</subfield></datafield><datafield ind1="1" ind2=" " tag="029"><subfield code="a">AU@</subfield><subfield code="b">000020122009</subfield></datafield></record>